<record xmlns:xsi="http://www.w3.org/2001/XMLSchema-instance" xmlns="http://www.loc.gov/MARC21/slim" xsi:schemaLocation="http://www.loc.gov/MARC21/slim http://www.loc.gov/standards/marcxml/schema/MARC21slim.xsd">

  <leader>00671nam a2200169   4500</leader>
  <datafield ind1=" " ind2=" " tag="999">
    <subfield code="c">3255</subfield>
    <subfield code="d">3255</subfield>
  </datafield>
  <controlfield tag="008">160616b2015    cr ||||| |||| 00| | spa d</controlfield>
  <datafield ind2=" " ind1=" " tag="090">
    <subfield code="a">06.02.01</subfield>
    <subfield code="b">2340 CD #270</subfield>
  </datafield>
  <datafield tag="100" ind2=" " ind1="1">
    <subfield code="9">919</subfield>
    <subfield code="a">Arias Monge, Mónica</subfield>
  </datafield>
  <datafield tag="245" ind2="0" ind1="1">
    <subfield code="a">Diálogos y reflexiones sobre educación en América Latina: Referentes teóricos, metodológicos y experiencias /</subfield>
    <subfield code="c">Mónica María Arias Monge</subfield>
  </datafield>
  <datafield tag="260" ind1=" " ind2=" ">
    <subfield code="a">[San José, Costa Rica] :</subfield>
    <subfield code="b">INIE,</subfield>
    <subfield code="c">2015-</subfield>
  </datafield>
  <datafield tag="300" ind2=" " ind1=" ">
    <subfield code="a">15 páginas;</subfield>
    <subfield code="e">1 videodisco; archivo PDF</subfield>
  </datafield>
  <datafield ind2=" " ind1=" " tag="500">
    <subfield code="a">Informe parcial de proyecto de Acción Social ED-3176</subfield>
  </datafield>
  <datafield tag="500" ind1=" " ind2=" ">
    <subfield code="a">La Unidad posee informe 2015, 2016</subfield>
  </datafield>
  <datafield ind2="4" ind1="1" tag="650">
    <subfield code="9">1</subfield>
    <subfield code="a">EDUCACIÓN</subfield>
  </datafield>
  <datafield tag="650" ind2="4" ind1="1">
    <subfield code="9">636</subfield>
    <subfield code="a">ASPECTOS EDUCATIVOS</subfield>
  </datafield>
  <datafield ind2=" " ind1=" " tag="942">
    <subfield code="2">z</subfield>
    <subfield code="c">04</subfield>
  </datafield>
</record>